% Encoding: UTF-8

@Online{Harris2017,
  author = {Mark Harris},
  title  = {An Even Easier Introduction to CUDA},
  year   = {2017},
  url    = {https://devblogs.nvidia.com/even-easier-introduction-cuda/},
}

@Online{Lin2018,
  author = {Yuan Lin and Vinod Grover},
  title  = {Using CUDA Warp-Level Primitives},
  year   = {2018},
  url    = {https://devblogs.nvidia.com/using-cuda-warp-level-primitives/},
}

@TechReport{Nvidia2014,
  title       = {NVIDIA GeForce GTX 980},
  institution = {NVIDIA Corporation},
  year        = {2014},
  subtitle    = {Featuring Maxwell, The Most Advanced GPU Ever Made.},
}

@Online{Harris2013,
  author = {Mark Harris},
  title  = {Using Shared Memory in CUDA C/C++},
  year   = {2013},
  url    = {https://devblogs.nvidia.com/using-shared-memory-cuda-cc/},
}

@Comment{jabref-meta: databaseType:biblatex;}
